@online{wiki,
  author = {Wikipedia},
  title = {Exponentiation},
  year = 2019,
  url = {https://en.wikipedia.org/wiki/Exponentiation},
  urldate = {2019-07-06}
}

@online{wolframalpha,
  author = {WolframAlpha},
  title = {Domain of exponentiation function},
  year = 2019,
  url = {https://www.wolframalpha.com/input/?i=x\%5Ey},
  urldate = {2019-07-06}
}

@online{mathbits,
  author = {MathBits Teacher},
  title = {Exponential Functions},
  year = 2019,
  url = {https://mathbitsnotebook.com/Algebra2/Exponential/EXExpFunctions.html},
  urldate = {2019-07-06}
}

@online{power,
  author = {Martin Ankerl},
  title = {Optimized pow() approximation for Java},
  year = 2017,
  url = {https://martin.ankerl.com/2007/10/04/optimized-pow-approximation-for-java-and-c-c/},
  urldate = {2017-10-01}
}

@online{format,
  author = {Szasz Janos},
  title = {The algorithmicx package},
  year = 2005,
  url = {http://tug.ctan.org/macros/latex/contrib/algorithmicx/algorithmicx.pdf},
  urldate = {2005-04-27}
}