@online{unittest,
  author = {vogella},
  title = {Unit Testing with JUnit},
  year = 2007,
  url = {https://www.vogella.com/tutorials/JUnit/article.html},
  urldate = {2016-01-01}
}

@online{checkstyle,
  author = {CheckStyle},
  title = {Eclipse Checkstyle Plugin},
  year = 2019,
  url = {https://checkstyle.org/eclipse-cs/#!/},
  urldate = {2019-01-01}
}

@online{codereview1,
  author = {MIT},
  title = {Reading 4: Code Review},
  year = 2015,
  url = {http://web.mit.edu/6.005/www/fa15/classes/04-code-review/},
  urldate = {2015-01-01}
}


