@online{wiki,
  author = {Wikipedia},
  title = {Exponentiation},
  year = 2019,
  url = {https://en.wikipedia.org/wiki/Exponentiation}
  
}

@online{googlestyle,
  author = {Joana Be},
  title = {Installing the google styleguide settings in intellij and eclipse},
  year = 2019,
  url = {https://github.com/HPI-Information-Systems/Metanome/wiki/Installing-the-google-styleguide-settings-in-intellij-and-eclipse}

}


@online{power,
  author = {Martin Ankerl},
  title = {Optimized pow() approximation for Java},
  year = 2017,
  url = {https://martin.ankerl.com/2007/10/04/optimized-pow-approximation-for-java-and-c-c/}
 
}



@online{compatible,
  author = {JetBrains},
  title = {Exporting an IntelliJ IDEA Project to Eclipse},
  year = 2019,
  url = {https://www.jetbrains.com/help/idea/exporting-an-intellij-idea-project-to-eclipse.html}
  
}