@online{googlestyle,
  author = {Joana Be},
  title = {Installing the google styleguide settings in intellij and eclipse},
  year = 2019,
  url = {https://github.com/HPI-Information-Systems/Metanome/wiki/Installing-the-google-styleguide-settings-in-intellij-and-eclipse},
  urldate = {2019-05-12}
}

@online{memento,
  author = {TutorialsPoint},
  title = {Design Patterns - Memento Pattern},
  year = 2019,
  url = {https://www.tutorialspoint.com/design_pattern/memento_pattern},
  urldate = {2019-07-06}
}

@online{checkstyle,
  author = {Jayanga Kaushalya},
  title = {How to configure CheckStyle and Findbugs plugins to IntelliJ IDEA for WSO2 products},
  year = 2016,
  url = {https://medium.com/@jayanga/how-to-configure-checkstyle-and-findbugs-plugins-to-intellij-idea-for-wso2-products-c5f4bbe9673a},
  urldate = {2016-11-01}
}

@online{power,
  author = {Martin Ankerl},
  title = {Optimized pow() approximation for Java},
  year = 2017,
  url = {https://martin.ankerl.com/2007/10/04/optimized-pow-approximation-for-java-and-c-c/},
  urldate = {2017-10-01}
}

